@book{stallings2017,
  author    = {William Stallings},
  title     = {Cryptography and Network Security: Principles and Practice},
  edition   = {7th},
  publisher = {Pearson},
  year      = {2017}
}

@techreport{pkcs1,
  author       = {{RSA Laboratories}},
  title        = {PKCS \#1: RSA Cryptography Standard},
  institution  = {RSA Security Inc.},
  year         = {2012},
  number       = {Version 2.2},
  note         = {RFC 8017}
}

@manual{cryptoapi,
  title        = {CryptoAPI System Architecture},
  organization = {Microsoft Corporation},
  year         = {2018},
  note         = {Microsoft Developer Network}
}

@book{ferguson2010,
  author    = {Niels Ferguson and Bruce Schneier and Tadayoshi Kohno},
  title     = {Cryptography Engineering: Design Principles and Practical Applications},
  publisher = {Wiley},
  year      = {2010}
}

@manual{openssl,
  title        = {OpenSSL Documentation},
  organization = {OpenSSL Software Foundation},
  year         = {2023},
  url          = {https://www.openssl.org/docs/}
}

@article{elgamal1985,
  author  = {Taher ElGamal},
  title   = {A Public Key Cryptosystem and a Signature Scheme Based on Discrete Logarithms},
  journal = {IEEE Transactions on Information Theory},
  volume  = {31},
  number  = {4},
  pages   = {469--472},
  year    = {1985}
}

@techreport{fips186,
  author      = {{National Institute of Standards and Technology}},
  title       = {Digital Signature Standard (DSS)},
  institution = {NIST},
  year        = {2013},
  number      = {FIPS PUB 186-4}
}

@book{menezes1996,
  author    = {Alfred J. Menezes and Paul C. van Oorschot and Scott A. Vanstone},
  title     = {Handbook of Applied Cryptography},
  publisher = {CRC Press},
  year      = {1996}
}

@inproceedings{kocher1996,
  author    = {Paul C. Kocher},
  title     = {Timing Attacks on Implementations of Diffie-Hellman, RSA, DSS, and Other Systems},
  booktitle = {Advances in Cryptology --- CRYPTO '96},
  year      = {1996},
  pages     = {104--113},
  publisher = {Springer}
}

@article{boneh1997,
  author  = {Dan Boneh and Richard A. DeMillo and Richard J. Lipton},
  title   = {On the Importance of Checking Cryptographic Protocols for Faults},
  journal = {Advances in Cryptology --- EUROCRYPT '97},
  year    = {1997},
  pages   = {37--51}
}
