@article{elgamal1985public,
    title = {A Public Key Cryptosystem and a Signature Scheme Based on Discrete Logarithms},
    author = {ElGamal, Taher},
    journal = {IEEE Transactions on Information Theory},
    volume = {31},
    number = {4},
    pages = {469--472},
    year = {1985},
    publisher = {IEEE},
    doi = {10.1109/TIT.1985.1057074}
}

@book{menezes1996handbook,
    title = {Handbook of Applied Cryptography},
    author = {Menezes, Alfred J. and Van Oorschot, Paul C. and Vanstone, Scott A.},
    year = {1996},
    publisher = {CRC Press},
    isbn = {978-0849385230},
    url = {http://cacr.uwaterloo.ca/hac/}
}

@article{diffie1976new,
    title = {New Directions in Cryptography},
    author = {Diffie, Whitfield and Hellman, Martin E.},
    journal = {IEEE Transactions on Information Theory},
    volume = {22},
    number = {6},
    pages = {644--654},
    year = {1976},
    publisher = {IEEE},
    doi = {10.1109/TIT.1976.1055638}
}

@article{rivest1978method,
    title = {A Method for Obtaining Digital Signatures and Public-Key Cryptosystems},
    author = {Rivest, Ronald L. and Shamir, Adi and Adleman, Leonard},
    journal = {Communications of the ACM},
    volume = {21},
    number = {2},
    pages = {120--126},
    year = {1978},
    publisher = {ACM},
    doi = {10.1145/359340.359342}
}

@book{rosen2011elementary,
    title = {Elementary Number Theory},
    author = {Rosen, Kenneth H.},
    year = {2011},
    publisher = {Pearson},
    edition = {6th},
    isbn = {978-0321500311}
}

@article{shanks1971class,
    title = {Class Number, a Theory of Factorization, and Genera},
    author = {Shanks, Daniel},
    journal = {Proceedings of Symposia in Pure Mathematics},
    volume = {20},
    pages = {415--440},
    year = {1971},
    publisher = {American Mathematical Society}
}

@article{pollard1978monte,
    title = {Monte Carlo Methods for Index Computation $(\text{mod } p)$},
    author = {Pollard, John M.},
    journal = {Mathematics of Computa\-tion},
    volume = {32},
    number = {143},
    pages = {918--924},
    year = {1978},
    publisher = {American Mathematical Society},
    doi = {10.2307/2006496}
}

@inproceedings{boneh1998decision,
    title = {The Decision Diffie-Hellman Problem},
    author = {Boneh, Dan},
    booktitle = {Algorithmic Number Theory: Third Interna\-tional Symposium, ANTS-III},
    pages = {48--63},
    year = {1998},
    publisher = {Springer},
    doi = {10.1007/BFb0054851}
}

@inproceedings{tsiounis1998security,
    title = {On the Security of ElGamal Based Encryption},
    author = {Tsiounis, Yiannis and Yung, Moti},
    booktitle = {Public Key Cryptography: First International Workshop on Practice and Theory in Public Key Cryptography, PKC'98},
    pages = {117--134},
    year = {1998},
    publisher = {Springer},
    doi = {10.1007/BFb0054019}
}

@inproceedings{goldwasser1984probabilistic,
    title = {Probabilistic Encryption},
    author = {Goldwasser, Shafi and Micali, Silvio},
    journal = {Journal of Computer and System Sciences},
    volume = {28},
    number = {2},
    pages = {270--299},
    year = {1984},
    publisher = {Elsevier},
    doi = {10.1016/0022-0000(84)90070-9}
}

@inproceedings{fujisaki1999secure,
    title = {Secure Integration of Asymmetric and Symmetric Encryption Schemes},
    author = {Fujisaki, Eiichiro and Okamoto, Tatsuaki},
    booktitle = {Advances in Cryptology -- CRYPTO '99},
    pages = {537--554},
    year = {1999},
    publisher = {Springer},
    doi = {10.1007/3-540-48405-1_34}
}

@inproceedings{bellare1994optimal,
    title = {Optimal Asymmetric Encryption},
    author = {Bellare, Mihir and Rogaway, Phillip},
    booktitle = {Advances in Cryptology -- EUROCRYPT '94},
    pages = {92--111},
    year = {1994},
    publisher = {Springer},
    doi = {10.1007/BFb0053428}
}

@inproceedings{cramer1998practical,
    title = {A Practical Public Key Cryptosystem Provably Secure Against Adaptive Chosen Ciphertext Attack},
    author = {Cramer, Ronald and Shoup, Victor},
    booktitle = {Advances in Cryptology -- CRYPTO '98},
    pages = {13--25},
    year = {1998},
    publisher = {Springer},
    doi = {10.1007/BFb0055717}
}

@techreport{barker2020recommendation,
    title = {Recommendation for Key Management: Part 1 -- General},
    author = {Barker, Elaine},
    year = {2020},
    institution = {National Institute of Standards and Technology},
    number = {NIST Special Publication 800-57 Part 1 Revision 5},
    address = {Gaithersburg, MD},
    doi = {10.6028/NIST.SP.800-57pt1r5}
}

@inproceedings{desmedt1994threshold,
    title = {Threshold Cryptosystems},
    author = {Desmedt, Yvo and Frankel, Yair},
    booktitle = {Advances in Cryptology -- CRYPTO '89},
    pages = {307--315},
    year = {1990},
    publisher = {Springer},
    doi = {10.1007/0-387-34805-0_28}
}

@article{chaum1981untraceable,
    title = {Untraceable Electronic Mail, Return Addresses, and Digital Pseudonyms},
    author = {Chaum, David L.},
    journal = {Communications of the ACM},
    volume = {24},
    number = {2},
    pages = {84--90},
    year = {1981},
    publisher = {ACM},
    doi = {10.1145/358549.358563}
}

@inproceedings{camenisch2003practical,
    title = {Practical Verifiable Encryption and Decryption of Discrete Logarithms},
    author = {Camenisch, Jan and Shoup, Victor},
    booktitle = {Advances in Cryptology -- CRYPTO 2003},
    pages = {126--144},
    year = {2003},
    publisher = {Springer},
    doi = {10.1007/978-3-540-45146-4_8}
}

@inproceedings{cramer1997modular,
    title = {A Secure and Optimally Efficient Multi-Authority Election Scheme},
    author = {Cramer, Ronald and Gennaro, Rosario and Schoenmakers, Berry},
    booktitle = {Advances in Cryptology -- EUROCRYPT '97},
    pages = {103--118},
    year = {1997},
    publisher = {Springer},
    doi = {10.1007/3-540-69053-0_9}
}

@book{goldreich1998secure,
    title = {Secure Multi-Party Computation},
    author = {Goldreich, Oded},
    year = {1998},
    publisher = {Cambridge University Press},
    url = {http://www.wisdom.weizmann.ac.il/~oded/PSBookFrag/part4N.ps}
}

@inproceedings{micali1996fair,
    title = {Fair Public-Key Cryptosystems},
    author = {Micali, Silvio},
    booktitle = {Advances in Cryptology -- CRYPTO '92},
    pages = {113--138},
    year = {1993},
    publisher = {Springer},
    doi = {10.1007/3-540-48071-4_9}
}

@article{koblitz1987elliptic,
    title = {Elliptic Curve Cryptosystems},
    author = {Koblitz, Neal},
    journal = {Mathematics of Computation},
    volume = {48},
    number = {177},
    pages = {203--209},
    year = {1987},
    publisher = {American Mathematical Society},
    doi = {10.2307/2007884}
}

@inproceedings{miller1986use,
    title = {Use of Elliptic Curves in Cryptography},
    author = {Miller, Victor S.},
    booktitle = {Advances in Cryptology -- CRYPTO '85 Proceedings},
    pages = {417--426},
    year = {1986},
    publisher = {Springer},
    doi = {10.1007/3-540-39799-X_31}
}

@book{hankerson2006guide,
    title = {Guide to Elliptic Curve Cryptography},
    author = {Hankerson, Darrel and Menezes, Alfred J. and Vanstone, Scott},
    year = {2006},
    publisher = {Springer},
    isbn = {978-0387952734}
}

@inproceedings{bellare1993random,
    title = {Random Oracles are Practical: A Paradigm for Designing Efficient Protocols},
    author = {Bellare, Mihir and Rogaway, Phillip},
    booktitle = {1st ACM Conference on Computer and Communications Security},
    pages = {62--73},
    year = {1993},
    publisher = {ACM},
    doi = {10.1145/168588.168596}
}

@inproceedings{pedersen1991non,
    title = {Non-Interactive and Information-Theoretic Secure Verifiable Secret Sharing},
    author = {Pedersen, Torben Pryds},
    booktitle = {Advances in Cryptology -- CRYPTO '91},
    pages = {129--140},
    year = {1991},
    publisher = {Springer},
    doi = {10.1007/3-540-46766-1_9}
}

@misc{maxwell2016confidential,
    title = {Confidential Transactions},
    author = {Maxwell, Greg},
    year = {2016},
    url = {https://people.xiph.org/~greg/confidential_values.txt},
    note = {Technical Report}
}

@inproceedings{adida2008helios,
    title = {Helios: Web-based Open-Audit Voting},
    author = {Adida, Ben},
    booktitle = {17th USENIX Security Symposium},
    pages = {335--348},
    year = {2008},
    publisher = {USENIX Association}
}

@inproceedings{boneh2004public,
    title = {Public Key Encryption with Keyword Search},
    author = {Boneh, Dan and Di Crescenzo, Giovanni and Ostrovsky, Rafail and Persiano, Giuseppe},
    booktitle = {Advances in Cryptology -- EUROCRYPT 2004},
    pages = {506--522},
    year = {2004},
    publisher = {Springer},
    doi = {10.1007/978-3-540-24676-3_30}
}

@inproceedings{chaum1988elections,
    title = {Elections with Unconditionally-Secret Ballots and Disruption Equivalent to Breaking RSA},
    author = {Chaum, David},
    booktitle = {Advances in Cryptology -- EUROCRYPT '88},
    pages = {177--182},
    year = {1988},
    publisher = {Springer},
    doi = {10.1007/3-540-45961-8_15}
}

@inproceedings{bellare2000multi,
    title = {Multi-Recipient Encryption Schemes: How to Save on Bandwidth and Computation Without Sacrificing Security},
    author = {Bellare, Mihir and Boldyreva, Alexandra and Staddon, Jessica},
    booktitle = {IEEE Symposium on Security and Privacy},
    pages = {97--108},
    year = {2000},
    publisher = {IEEE},
    doi = {10.1109/SECPRI.2000.848450}
}

@inproceedings{shor1997polynomial,
    title = {Polynomial-Time Algorithms for Prime Factorization and Discrete Logarithms on a Quantum Computer},
    author = {Shor, Peter W.},
    journal = {SIAM Journal on Computing},
    volume = {26},
    number = {5},
    year = {1997},
    publisher = {SIAM},
    doi = {10.1137/S0097539795293172}
}

@inproceedings{bernstein2009post,
    title = {Introduction to Post-Quantum Cryptography},
    author = {Bernstein, Daniel J.},
    booktitle = {Post-Quantum Cryptography},
    pages = {1--14},
    year = {2009},
    publisher = {Springer},
    doi = {10.1007/978-3-540-88702-7_1}
}

@misc{cryptoeprint:2001/108,
    author = {Abdalla, Michel and Bellare, Mihir and Rogaway, Phillip},
    title = {The Oracle Diffie-Hellman Assumptions and an Analysis of DHIES},
    howpublished = {Cryptology ePrint Archive, Paper 2001/108},
    year = {2001},
    url = {https://eprint.iacr.org/2001/108}
}

@book{katz2014introduction,
    title = {Introduction to Modern Cryptography},
    author = {Katz, Jonathan and Lindell, Yehuda},
    year = {2014},
    publisher = {Chapman and Hall/CRC},
    edition = {2nd},
    isbn = {978-1466570269}
}

@book{stinson2018cryptography,
    title = {Cryptography: Theory and Practice},
    author = {Stinson, Douglas R. and Paterson, Maura},
    year = {2018},
    publisher = {Chapman and Hall/CRC},
    edition = {4th},
    isbn = {978-1138197015}
}

@book{schneier2015applied,
    title = {Applied Cryptography: Protocols, Algorithms, and Source Code in C},
    author = {Schneier, Bruce},
    year = {2015},
    publisher = {John Wiley \& Sons},
    edition = {20th Anniversary},
    isbn = {978-1119096726}
}

@article{lenstra2004key,
    title = {Key Lengths},
    author = {Lenstra, Arjen K.},
    journal = {The Handbook of Information Security},
    year = {2004},
    publisher = {John Wiley \& Sons}
}

@techreport{nistpqc2022,
    title = {Selected Algorithms 2022},
    author = {{National Institute of Standards and Technology}},
    year = {2022},
    institution = {NIST Post-Quantum Cryptography Standardization},
    url = {https://csrc.nist.gov/projects/post-quantum-cryptography}
}

@inproceedings{young1996kleptography,
    title = {The Dark Side of "Black-Box" Cryptography, or: Should We Trust Capstone?},
    author = {Young, Adam and Yung, Moti},
    booktitle = {Advances in Cryptology -- CRYPTO '96},
    pages = {89--103},
    year = {1996},
    publisher = {Springer},
    doi = {10.1007/3-540-68697-5_8}
}

@article{mccurley1990discrete,
    title = {The Discrete Logarithm Problem},
    author = {McCurley, Kevin S.},
    journal = {Cryptology and Computational Number Theory},
    volume = {42},
    pages = {49--74},
    year = {1990},
    publisher = {American Mathematical Society}
}

@inproceedings{schnorr1991efficient,
    title = {Efficient Signature Generation by Smart Cards},
    author = {Schnorr, Claus P.},
    journal = {Journal of Cryptology},
    volume = {4},
    number = {3},
    pages = {161--174},
    year = {1991},
    publisher = {Springer},
    doi = {10.1007/BF00196725}
}

@book{viega2002network,
    title = {Network Security with OpenSSL: Cryptography for Secure Communications},
    author = {Viega, John and Messier, Matt and Chandra, Pravir},
    year = {2002},
    publisher = {O'Reilly Media},
    isbn = {978-0596002701}
}

@inproceedings{gennaro1999secure,
    title = {Secure Distributed Key Generation for Discrete-Log Based Cryptosystems},
    author = {Gennaro, Rosario and Jarecki, Stanis{\l}aw and Krawczyk, Hugo and Rabin, Tal},
    booktitle = {Advances in Cryptology -- EUROCRYPT '99},
    pages = {295--310},
    year = {1999},
    publisher = {Springer},
    doi = {10.1007/3-540-48910-X_21}
}

@article{paillier1999public,
    title = {Public-Key Cryptosystems Based on Composite Degree Residuosity Classes},
    author = {Paillier, Pascal},
    booktitle = {Advances in Cryptology -- EUROCRYPT '99},
    pages = {223--238},
    year = {1999},
    publisher = {Springer},
    doi = {10.1007/3-540-48910-X_16}
}

@article{damgard2010multiparty,
    title = {Multiparty Computation from Somewhat Homomorphic Encryption},
    author = {Damg{\aa}rd, Ivan and Pastro, Valerio and Smart, Nigel and Zakarias, Sarah},
    booktitle = {Advances in Cryptology -- CRYPTO 2012},
    pages = {643--662},
    year = {2012},
    publisher = {Springer},
    doi = {10.1007/978-3-642-32009-5_38}
}

@inproceedings{kiayias2002traceable,
    title = {Traceable Signatures},
    author = {Kiayias, Aggelos and Tsiounis, Yiannis and Yung, Moti},
    booktitle = {Advances in Cryptology -- EUROCRYPT 2004},
    pages = {571--589},
    year = {2004},
    publisher = {Springer},
    doi = {10.1007/978-3-540-24676-3_34}
}

@article{groth2015efficient,
    title = {Efficient Zero-Knowledge Arguments for Arithmetic Circuits in the Discrete Log Setting},
    author = {Groth, Jens},
    booktitle = {Advances in Cryptology -- EUROCRYPT 2016},
    pages = {327--357},
    year = {2016},
    publisher = {Springer},
    doi = {10.1007/978-3-662-49896-5_12}
}

@inproceedings{gordon1993discrete,
    title = {Discrete Logarithms in $GF(p)$ Using the Number Field Sieve},
    author = {Gordon, Daniel M.},
    booktitle = {SIAM Journal on Discrete Mathematics},
    volume = {6},
    number = {1},
    pages = {124--138},
    year = {1993},
    publisher = {SIAM},
    doi = {10.1137/0406010}
}

@inproceedings{schirokauer1993discrete,
    title = {Discrete Logarithms and Local Units},
    author = {Schirokauer, Oliver},
    journal = {Philosophical Transactions of the Royal Society A},
    volume = {345},
    pages = {409--423},
    year = {1993},
    publisher = {Royal Society},
    doi = {10.1098/rsta.1993.0139}
}
